<record><leader>00000cas a22000007a 4500</leader><controlfield tag="001">31283840</controlfield><controlfield tag="008">941014d19031906okuwr ne      0    0eng d</controlfield><datafield ind1=" " ind2=" " tag="010"><subfield code="a">sn 94061241 </subfield></datafield><datafield ind1=" " ind2=" " tag="040"><subfield code="a">OBN</subfield><subfield code="b">eng</subfield><subfield code="c">OBN</subfield><subfield code="d">OCLCQ</subfield><subfield code="d">OCLCO</subfield></datafield><datafield ind1="1" ind2=" " tag="029"><subfield code="a">AU@</subfield><subfield code="b">000011305894</subfield></datafield><datafield ind1=" " ind2=" " tag="042"><subfield code="a">msc</subfield></datafield><datafield ind1=" " ind2=" " tag="043"><subfield code="a">n-us-ok</subfield></datafield><datafield ind1="0" ind2=" " tag="130"><subfield code="a">Homesteader (Shattuck, Okla. : 1903)</subfield></datafield><datafield ind1="1" ind2="4" tag="245"><subfield code="a">The Homesteader.</subfield></datafield><datafield ind1="3" ind2=" " tag="246"><subfield code="a">Shattuck homesteader</subfield></datafield><datafield ind1=" " ind2=" " tag="260"><subfield code="a">Shattuck, Woodward County, Okla. :</subfield><subfield code="b">A.L. Books</subfield></datafield><datafield ind1=" " ind2=" " tag="300"><subfield code="a">v.</subfield></datafield><datafield ind1=" " ind2=" " tag="310"><subfield code="a">Weekly</subfield></datafield><datafield ind1="0" ind2=" " tag="362"><subfield code="a">-v.4, no. 7 (Nov. 22, 1906).</subfield></datafield><datafield ind1="1" ind2=" " tag="362"><subfield code="a">Began in 1903.</subfield></datafield><datafield ind1=" " ind2=" " tag="588"><subfield code="a">Description based on: Vol. 3, no. 3 (Oct. 26, 1905).</subfield></datafield><datafield ind1=" " ind2="0" tag="651"><subfield code="a">Shattuck (Okla.)</subfield><subfield code="v">Newspapers.</subfield></datafield><datafield ind1=" " ind2="0" tag="651"><subfield code="a">Ellis County (Okla.)</subfield><subfield code="v">Newspapers.</subfield></datafield><datafield ind1=" " ind2="0" tag="651"><subfield code="a">Woodward County (Okla.)</subfield><subfield code="v">Newspapers.</subfield></datafield><datafield ind1=" " ind2=" " tag="752"><subfield code="a">United States</subfield><subfield code="b">Oklahoma</subfield><subfield code="c">Ellis</subfield><subfield code="d">Shattuck.</subfield></datafield><datafield ind1=" " ind2=" " tag="752"><subfield code="a">United States</subfield><subfield code="b">Oklahoma</subfield><subfield code="c">Woodward</subfield><subfield code="d">Shattuck.</subfield></datafield><datafield ind1="0" ind2="0" tag="785"><subfield code="t">Shattuck homesteader</subfield><subfield code="w">(DLC)sn 94061242</subfield><subfield code="w">(OCoLC)31283871</subfield></datafield></record>